<?xml version="1.0" encoding="UTF-8"?>
<marc:collection xmlns:marc="http://www.loc.gov/MARC21/slim" xmlns:xsi="http://www.w3.org/2001/XMLSchema-instance" xsi:schemaLocation="http://www.loc.gov/MARC21/slim http://www.loc.gov/standards/marcxml/schema/MARC21slim.xsd">
   <marc:record type="Bibliographic">
      <marc:leader>01591cam a2200361Ma 4500</marc:leader>
      <marc:controlfield tag="001">1494357</marc:controlfield>
      <marc:controlfield tag="003">NjP</marc:controlfield>
      <marc:controlfield tag="005">20140801160234.0</marc:controlfield>
      <marc:controlfield tag="008">940711s1950    ua j     b    001 0 arard</marc:controlfield>
      <marc:datafield tag="024" ind1="7" ind2=" ">
         <marc:subfield code="a">princeton_aco000351</marc:subfield>
         <marc:subfield code="2">local</marc:subfield>
      </marc:datafield>
      <marc:datafield tag="035" ind1=" " ind2=" ">
         <marc:subfield code="a">(OCoLC)ocn177022479</marc:subfield>
      </marc:datafield>
      <marc:datafield tag="035" ind1=" " ind2=" ">
         <marc:subfield code="a">(OCoLC)ocm30941047</marc:subfield>
      </marc:datafield>
      <marc:datafield tag="040" ind1=" " ind2=" ">
         <marc:subfield code="a">RBN</marc:subfield>
         <marc:subfield code="c">PUL</marc:subfield>
         <marc:subfield code="d">PUL</marc:subfield>
      </marc:datafield>
      <marc:datafield tag="035" ind1=" " ind2=" ">
         <marc:subfield code="a">(OCoLC)177022479</marc:subfield>
      </marc:datafield>
      <marc:datafield tag="035" ind1=" " ind2=" ">
         <marc:subfield code="9">CEP9945TS</marc:subfield>
      </marc:datafield>
      <marc:datafield tag="035" ind1=" " ind2=" ">
         <marc:subfield code="a">(NjP)1494357</marc:subfield>
      </marc:datafield>
      <marc:datafield tag="079" ind1=" " ind2=" ">
         <marc:subfield code="a">ocm30941047</marc:subfield>
      </marc:datafield>
      <marc:datafield tag="049" ind1=" " ind2=" ">
         <marc:subfield code="a">PULL</marc:subfield>
      </marc:datafield>
      <marc:datafield tag="100" ind1="1" ind2=" ">
         <marc:subfield code="6">880-01</marc:subfield>
         <marc:subfield code="a">Sukkarī, Abū Saʻīd al-Ḥasan ibn al-Ḥusayn,</marc:subfield>
         <marc:subfield code="d">827 or 828-888 or 889.</marc:subfield>
      </marc:datafield>
      <marc:datafield tag="245" ind1="1" ind2="0">
         <marc:subfield code="6">880-02</marc:subfield>
         <marc:subfield code="a">Sharḥ Dīwān Kaʻb ibn Zuhayr /</marc:subfield>
         <marc:subfield code="c">ṣanʻat Abī Saʻīd al-Ḥasan ibn al-Ḥusayn ibn ʻAbd Allāh al-Sukkarī.</marc:subfield>
      </marc:datafield>
      <marc:datafield tag="260" ind1=" " ind2=" ">
         <marc:subfield code="6">880-03</marc:subfield>
         <marc:subfield code="a">al-Qāhirah :</marc:subfield>
         <marc:subfield code="b">Dār al-Kutub al-Miṣrīyah, al-Qism al-Adabī,</marc:subfield>
         <marc:subfield code="c">1950.</marc:subfield>
      </marc:datafield>
      <marc:datafield tag="300" ind1=" " ind2=" ">
         <marc:subfield code="a">28, 289 p. :</marc:subfield>
         <marc:subfield code="b">geneal. table ;</marc:subfield>
         <marc:subfield code="c">28 cm.</marc:subfield>
      </marc:datafield>
      <marc:datafield tag="504" ind1=" " ind2=" ">
         <marc:subfield code="a">Includes bibliographical references and indexes.</marc:subfield>
      </marc:datafield>
      <marc:datafield tag="500" ind1=" " ind2=" ">
         <marc:subfield code="a">Introduction by ʻAbbās ʻAbd al-Qādir.</marc:subfield>
      </marc:datafield>
      <marc:datafield tag="600" ind1="0" ind2="0">
         <marc:subfield code="6">880-04</marc:subfield>
         <marc:subfield code="a">Kaʻb ibn Zuhayr</marc:subfield>
         <marc:subfield code="x">Criticism and interpretation.</marc:subfield>
      </marc:datafield>
      <marc:datafield tag="700" ind1="0" ind2="2">
         <marc:subfield code="6">880-05</marc:subfield>
         <marc:subfield code="a">Kaʻb ibn Zuhayr.</marc:subfield>
         <marc:subfield code="t">Poems.</marc:subfield>
         <marc:subfield code="f">1950.</marc:subfield>
      </marc:datafield>
      <marc:datafield tag="880" ind1="1" ind2=" ">
         <marc:subfield code="6">100-01/r</marc:subfield>
         <marc:subfield code="a">سكري، ابو سعيد الحسن بن الحسين،</marc:subfield>
         <marc:subfield code="d">827 or 828-888 or 889.</marc:subfield>
      </marc:datafield>
      <marc:datafield tag="880" ind1="1" ind2="0">
         <marc:subfield code="6">245-02/r</marc:subfield>
         <marc:subfield code="a">شرح ديوان كعب بن زهير /</marc:subfield>
         <marc:subfield code="c">صنعة ابي سعيد الحسن بن الحسين بن عبد الله السكري.</marc:subfield>
      </marc:datafield>
      <marc:datafield tag="880" ind1=" " ind2=" ">
         <marc:subfield code="6">260-03/r</marc:subfield>
         <marc:subfield code="a">القاهرة :</marc:subfield>
         <marc:subfield code="b">دار الكتب المصرية، القسم الادبي،</marc:subfield>
         <marc:subfield code="c">1950.</marc:subfield>
      </marc:datafield>
      <marc:datafield tag="880" ind1="0" ind2="0">
         <marc:subfield code="6">600-04/r</marc:subfield>
         <marc:subfield code="a">كعب بن زهير.</marc:subfield>
      </marc:datafield>
      <marc:datafield tag="880" ind1="0" ind2=" ">
         <marc:subfield code="6">700-05/r</marc:subfield>
         <marc:subfield code="a">كعب بن زهير.</marc:subfield>
      </marc:datafield>
      <marc:datafield tag="947" ind1=" " ind2=" ">
         <marc:subfield code="a">CEP9945</marc:subfield>
      </marc:datafield>
      <marc:datafield tag="911" ind1=" " ind2=" ">
         <marc:subfield code="a">20000130</marc:subfield>
      </marc:datafield>
      <marc:datafield tag="994" ind1=" " ind2=" ">
         <marc:subfield code="a">C0</marc:subfield>
         <marc:subfield code="b">PUL</marc:subfield>
      </marc:datafield>
      <marc:datafield tag="999" ind1=" " ind2=" ">
         <marc:subfield code="a">1494357</marc:subfield>
      </marc:datafield>
   </marc:record>
</marc:collection>
